<?xml version="1.0" encoding="UTF-8"?><collection xmlns="http://www.loc.gov/MARC21/slim"><record><leader>00592nam--2200205-u-4500</leader><controlfield tag="001">000052718</controlfield><controlfield tag="002">20161230</controlfield><controlfield tag="005">20161230201050</controlfield><controlfield tag="008">101005s1000------------r-----000-0-eng-d</controlfield><datafield ind1=" " ind2=" " tag="020"><subfield code="a">1402031084</subfield></datafield><datafield ind1=" " ind2=" " tag="040"><subfield code="a">IFIN-HH</subfield></datafield><datafield ind1=" " ind2=" " tag="080"><subfield code="a">52.854:533.93</subfield></datafield><datafield ind1="1" ind2=" " tag="100"><subfield code="a">Sharma, A. Surjalal</subfield></datafield><datafield ind1="1" ind2="0" tag="245"><subfield code="a">Nonequilibrium Phenomena on Plasmas</subfield><subfield code="c">A. Surjalal Sharma, Predhiman K. Kaw (Eds.)</subfield></datafield><datafield ind1=" " ind2=" " tag="260"><subfield code="a">Dordrecht</subfield><subfield code="b">Springer</subfield><subfield code="c">2005</subfield></datafield><datafield ind1=" " ind2=" " tag="300"><subfield code="a">340 p</subfield></datafield><datafield ind1=" " ind2=" " tag="490"><subfield code="a">Astrophysics and Space Science Library</subfield><subfield code="v">vol. 321</subfield></datafield><datafield ind1="1" ind2=" " tag="700"><subfield code="a">Kaw, Predhiman K</subfield></datafield><datafield ind1=" " ind2=" " tag="852"><subfield code="a">82045</subfield><subfield code="c">533.9</subfield></datafield><datafield ind1=" " ind2=" " tag="CAT"><subfield code="a">Sys</subfield><subfield code="c">20101005</subfield><subfield code="h">105112</subfield></datafield></record></collection>